@book{KnuthAOCP2,
 author = {Knuth, Donald E.},
 title = {The Art of Computer Programming, Volume 2 (3rd Ed.): Seminumerical Algorithms},
 year = {1997},
 isbn = {0-201-89684-2},
 publisher = {Addison-Wesley Longman Publishing Co., Inc.},
 address = {Boston, MA, USA},
} 

@article{Hoare1961,
 author = {Hoare, C. A. R.},
 title = {Algorithm 64: {Q}uicksort},
 journal = {Commun. ACM},
 issue_date = {July 1961},
 volume = {4},
 number = {7},
 month = jul,
 year = {1961},
 issn = {0001-0782},
 pages = {321},
 url = {http://doi.acm.org/10.1145/366622.366644},
 doi = {10.1145/366622.366644},
 acmid = {366644},
 publisher = {ACM},
 address = {New York, NY, USA},
}

@online{Graphics2D,
 author = {},
 key = {Java SE Documentation - Graphics},
 title = {Class Graphics2D},
 publisher = {Oracle},
 year = {2016},
 cited = {2016/03/09},
 note = {Java {SE} Documentation},
 url = {https://docs.oracle.com/javase/7/docs/api/java/awt/Graphics2D.html}
}

@techreport{Lopez2010,
    author    = {Laura Sánchez López},
    title     = {Local Binary Patterns applied to Face Detection and Recognition},
    institution = {Universitat Politècnica de Catalunya},
    year      = {2010},
    month    = {November},
    note     = {Signal Theory \& Communication Department},
    address = {Barcelona, Spain},
    url = {https://upcommons.upc.edu/bitstream/handle/2099.1/10772/PFC_LauraSanchez_(LBP_applied_to_FaceDetection&Recognition).pdf},
}

@techreport{Ahonen2004,
    author    = {Timo Ahonen and Abdenour Hadid and Matti Pietikäinen},
    title     = {Face Recognition with Local Binary Patterns},
    institution = {University of Oulu, Finland},
    year      = {2004},
    note     = {Machine Vision Group, Infotech Oulu},
    url = {http://www.ee.oulu.fi/mvg/files/pdf/pdf_494.pdf},
}

@techreport{Herta2011,
    author    = {David Oro and Carles Fernandez and Javier Rodriguez Saeta and Xavier Martorell and Javier Hernando},
    title     = {Real-time GPU-based Face Detection in HD Video Sequences},
    institution = {Universitat Politècnica de Catalunya},
    year      = {2011},    
    note     = {Herta Securuty Barcelona Spain},
    address = {Barcelona, Spain},
    url={http://www.hertasecurity.com/sites/default/files/publication/files/PUBLICACION_39224000361.pdf},
}

@techreport{ViolaJones2001,
    author    = {Paul Viola and Michael Jones},
    title     = {Rapid Object Detection using a Boosted Cascade of Simple
Features},
    institution = {Mitsubishi Electric, Research Labs Compaq CRL},
    year      = {2001},    
    address = {Cambridge, MA 02139},
    url={https://www.cs.cmu.edu/~efros/courses/LBMV07/Papers/viola-cvpr-01.pdf},
}

@InProceedings{LencUfi2015,
  author = 	 {L. Lenc and P. Kr\'al},
  title = 	 {Unconstrained {F}acial {I}mages: {D}atabase for Face Recognition under Real-world Conditions},
  booktitle = {14th Mexican International Conference on Artificial Intelligence (MICAI 2015)},
  year = 	 {2015},
  OPTpages = 	 {},
  month = 	 {25-31 October 2015},
  address = 	 {Cuernavaca, Mexico},
  publisher = {Springer},
}

@online{Ufi2015online,
 author = {L. Lenc and P. Kr\'al},
 key = {Unconstrained Facial Images},
 title = {Database for Face Recognition under Real-world Conditions},
 year = {2015},
 cited = {2016/12/27},
 url = {http://ufi.kiv.zcu.cz/}
}

@article{LencKral2016,
 author = {L. Lenc and P. Kr\'al},
 title = {Local binary pattern based face recognition
with automatically detected fiducial points},
 journal = {Integrated Computer-Aided Engineering 23},
 year = {2016},
 issn = {1069-2509},
 pages = {129–139},
 url = {http://content.iospress.com/download/integrated-computer-aided-engineering/ica506?id=integrated-computer-aided-engineering%2Fica506},
 doi = {10.3233/ICA-150506},
 publisher = {IOS Press},
}

@article{Rahim2013,
 author = {Md. Abdur Rahim and Md. Najmul Hossain and Tanzillah Wahid and Md. Shafiul Azam},
 title = {Face Recognition using Local Binary Patterns (LBP)},
 journal = {Global Journal of Computer Science and Technology},
 issue_date = {2013},
 volume = {13},
 number = {4},
 year = {2013},
 issn = {0975-4350},
 url = {https://globaljournals.org/GJCST_Volume13/1-Face-Recognition-using-Local.pdf},
 publisher = {Global Journals Inc. (USA)},
}

@techreport{LencKral2015,
    author    = {L. Lenc and P. Kr\'al},
    title     = {Feature to Feature Matching for LBP Based Face Recognition},
    institution = {Dept. of Computer Science \& Engineering Faculty of Applied Sciences University of West Bohemia Plzeň, Czech Republic, NTIS - New Technologies for the Information Society},
    year      = {2015},    
    address = {Cambridge, MA 02139},
    url={http://home.zcu.cz/~pkral/papers/kral_micai15a.pdf},
}

@mastersthesis{Vojta2015,
    author    = {Ing. Vojtěch Košař},
    title     = "Srovnání deskriptorů pro reprezentaci obrazu",
    school    = "Západočeská univerzita v Plzni Fakulta aplikovaných věd Katedra informatiky a výpočetní techniky",
    type     = {Diplomová práce},
    year      = {2015},
}

@online{OpenCV2016online,
 title = {Open Source Computer Vision Library},
 publisher = {Itseez},
 year = {2016},
 cited = {2016},
 url = {http://opencv.org/}
}

@manual{OpenCVmanual2016,
  title = {The OpenCV Reference Manual},
  organization = {Itseez},
  edition = {3.2.0},
  month = {December},
  year = {2016},
  url={http://docs.opencv.org/3.2.0},
  notes={GitHub https://github.com/opencv/opencv/wiki}
  }
  
@article{Zhang2010,
 author = {Baochang Zhang and Yongsheng Gao Senior Member IEEE and Sanqiang Zhaoand and Jianzhuang Liu Senior Member IEEE},
 title = {Local Derivative Pattern Versus Local Binary Pattern: Face Recognition With High-Order Local Pattern Descriptor},
 journal = {IEEE TRANSACTIONS ON IMAGE PROCESSING},
 issue_date = {2013},
 volume = {19},
 number = {2},
 year = {2010},
 url = {http://www98.griffith.edu.au/dspace/bitstream/handle/10072/32176/59885_1.pdf?sequence=1},
 publisher = {GRIFFITH UNIVERSITY},
}

@article{Alice2010,
 author = {Ngoc-Son Vu and Alice Caplier},
 title = {Face Recognition with Patterns of Oriented Edge Magnitudes},
 journal = {Springer-Verlag Berlin Heidelberg},
 year = {2010},
 url = {https://pdfs.semanticscholar.org/d03e/4e938bcbc25aa0feb83d8a0830f9cd3eb3ea.pdf},
 notes={Vesalis Sarl, Clermont Ferrand, France, Gipsa-lab, Grenoble INP, France}
}


@techreport{Turk1991,
    author    = {Matthew Turk and Alex Pentland},
    title     = {Eigenfaces for Recognition},
    institution = {Vision and Modeling Group, The Media Laboratory, Massachusetts Institute of Technology},
    year      = {1991},    
    address = {Massachusetts},
    url={http://www.face-rec.org/algorithms/PCA/jcn.pdf},
}




